@book{courant1989introduction,
  title={Introduction to calculus and analysis, Volume I},
  author={Courant, Richard and John, Fritz},
  year={1989},
  publisher={Springer-Verlag New York}
}